% This file was created with Citavi 6.3.0.0


@online{wiki, 
  author  = {Wikipedia-Benutzer Darkking3},
  file    = {https://de.wikipedia.org/wiki/E-Reihe},
  title   = {{E12-Reihe}}, 
  url     = {https://de.wikipedia.org/wiki/E-Reihe}, 
  urldate = {2021-02-11}, 
}

@online{datenblatt, 
  author  = {Analog Devices},
  file    = {https://www.analog.com/media/en/technical-documentation/data-sheets/AD8226.pdf},
  title   = {{Datenblatt AD8226}}, 
  url     = {https://www.analog.com/media/en/technical-documentation/data-sheets/AD8226.pdf}, 
  urldate = {2021-02-11}, 
}
