% This file was created with Citavi 6.3.0.0


@online{datenblatt, 
  author  = {Analog Devices},
  file    = {https://www.analog.com/media/en/technical-documentation/data-sheets/ADXL335.pdf},
  title   = {Datenblatt Analog Devices ADXL335}, 
  url     = {https://www.analog.com/media/en/technical-documentation/data-sheets/ADXL335.pdf}, 
  urldate = {2021-02-08}, 
}
